%% LaTeX2e file `abstract.bib'
%% generated by the `filecontents' environment
%% from source `abstract' on 2013/05/10.
%%
% 1. Basu, S.K., Misra, J.: Proving loop programs. IEEE Trans. on Software Engineering, Vol.1, No.1 (1975) 76–86 176
% S.K. Basu and J. Misra, “Some classes of naturally provable programs,”
% D.D;.Dunlop and V.R. Baili, “Generalizing specifications for uniformly implemented loops"
% C.A.R. Hoare, “A note on the FOR statement,” BIT, vol. 12, pp. 334-
% A.M. Stavely, “An empirical study of iteration in applications software,” J. of Systems andsoftware, vol. 22, pp. 167-177, Sept. 1993.
@article{DBLP:journals/cacm/CookPR11,
  author    = {Byron Cook and
               Andreas Podelski and
               Andrey Rybalchenko},
  title     = {Proving program termination},
  journal   = {Commun. ACM},
  volume    = {54},
  number    = {5},
  year      = {2011},
  pages     = {88-98},
  ee        = {http://doi.acm.org/10.1145/1941487.1941509},
  bibsource = {DBLP, http://dblp.uni-trier.de}
}
@article{turing,
  title={On computable numbers, with an application to the Entscheidungsproblem},
  author={Turing, Alan M},
  journal={Proceedings of the London mathematical society},
  volume={42},
  number={2},
  pages={230--265},
  year={1936},
  publisher={London, UK}
}
@Book{ISO:2011:IIIb,
  author =       "{ISO}",
  title =        "{ISO/IEC 9899:2011 Information technology ---
                 Programming languages --- C}",
  publisher =    pub-ISO,
  address =      pub-ISO:adr,
%  pages =        "683 (est.)",
  day =          "8",
  month =        dec,
  year =         "2011",
  bibdate =      "Mon Dec 19 11:12:12 2011",
  bibsource =    "http://www.math.utah.edu/pub/tex/bib/isostd.bib",
%  URL =          "http://www.iso.org/iso/iso_catalogue/catalogue_tc/catalogue_detail.htm?csnumber=57853",
  acknowledgement = ack-nhfb,
  remark =       "Revises ISO/IEC 9899:1999, ISO/IEC 9899:1999/Cor
                 1:2001, ISO/IEC 9899:1999/Cor 2:2004, and ISO/IEC
                 9899:1999/Cor 3:2007.",
  pagination = {section}
}
@article{DBLP:journals/sigops/HerderBGHT06,
  author    = {Jorrit N. Herder and
               Herbert Bos and
               Ben Gras and
               Philip Homburg and
               Andrew S. Tanenbaum},
  title     = {MINIX 3: a highly reliable, self-repairing operating system},
  journal   = {Operating Systems Review},
  volume    = {40},
  number    = {3},
  year      = {2006},
  pages     = {80-89},
  ee        = {http://doi.acm.org/10.1145/1151374.1151391},
  bibsource = {DBLP, http://dblp.uni-trier.de}
}
@article{DBLP:journals/tse/Stavely95,
  author    = {Allan M. Stavely},
  title     = {Verifying Definite Iteration Over Data Structures},
  journal   = {IEEE Trans. Software Eng.},
  volume    = {21},
  number    = {6},
  year      = {1995},
  pages     = {506-514},
  ee        = {http://doi.ieeecomputersociety.org/10.1109/32.391377},
  bibsource = {DBLP, http://dblp.uni-trier.de}
}
@online{Clang,
author = {Clang},
title = {clang: a C language family frontend for LLVM},
url = {http://clang.llvm.org/},
}
@online{LLVM,
author = {LLVM},
title = {The LLVM Compiler Infrastructure},
url = {http://llvm.org/},
}
@online{cBench,
author = {cTuning},
title = {Collective Benchmark (cBench)},
url = {http://cTuning.org/cbench},
}
@online{coreutils,
author = {{Free Software Foundation, Inc.}},
title = {Coreutils - GNU core utilities},
url = {http://www.gnu.org/software/coreutils/},
}
@online{busybox,
    author = {Busybox},
    title  = {BusyBox: The Swiss Army Knife of Embedded Linux},
    url = {http://www.busybox.net/}
}
@inproceedings{DBLP:conf/tacas/Beyer12,
  author    = {Dirk Beyer},
  title     = {Competition on Software Verification - (SV-COMP)},
  booktitle = {TACAS},
  year      = {2012},
  pages     = {504-524},
  ee        = {http://dx.doi.org/10.1007/978-3-642-28756-5_38},
  crossref  = {DBLP:conf/tacas/2012},
  bibsource = {DBLP, http://dblp.uni-trier.de}
}
@inproceedings{DBLP:conf/tacas/Beyer13,
  author    = {Dirk Beyer},
  title     = {Second Competition on Software Verification - (Summary of
               SV-COMP 2013)},
  booktitle = {TACAS},
  year      = {2013},
  pages     = {594-609},
  ee        = {http://dx.doi.org/10.1007/978-3-642-36742-7_43},
  crossref  = {DBLP:conf/tacas/2013},
  bibsource = {DBLP, http://dblp.uni-trier.de}
}
@inproceedings{DBLP:conf/cav/Gulwani09,
  author    = {Sumit Gulwani},
  title     = {SPEED: Symbolic Complexity Bound Analysis},
  booktitle = {CAV},
  year      = {2009},
  pages     = {51-62},
  ee        = {http://dx.doi.org/10.1007/978-3-642-02658-4_7},
  crossref  = {DBLP:conf/cav/2009},
  bibsource = {DBLP, http://dblp.uni-trier.de}
}
@inproceedings{DBLP:conf/pldi/GulwaniZ10,
  author    = {Sumit Gulwani and
               Florian Zuleger},
  title     = {The reachability-bound problem},
  booktitle = {PLDI},
  year      = {2010},
  pages     = {292-304},
  ee        = {http://doi.acm.org/10.1145/1806596.1806630},
  crossref  = {DBLP:conf/pldi/2010},
  bibsource = {DBLP, http://dblp.uni-trier.de}
}
@inproceedings{DBLP:conf/fase/KovacsV09,
  author    = {Laura Kov{\'a}cs and
               Andrei Voronkov},
  title     = {Finding Loop Invariants for Programs over Arrays Using a
               Theorem Prover},
  booktitle = {FASE},
  year      = {2009},
  pages     = {470-485},
  ee        = {http://dx.doi.org/10.1007/978-3-642-00593-0_33},
  crossref  = {DBLP:conf/fase/2009},
  bibsource = {DBLP, http://dblp.uni-trier.de}
}
@inproceedings{DBLP:conf/sas/ZulegerGSV11,
  author    = {Florian Zuleger and
               Sumit Gulwani and
               Moritz Sinn and
               Helmut Veith},
  title     = {Bound Analysis of Imperative Programs with the Size-Change
               Abstraction},
  booktitle = {SAS},
  year      = {2011},
  pages     = {280-297},
  ee        = {http://dx.doi.org/10.1007/978-3-642-23702-7_22},
  crossref  = {DBLP:conf/sas/2011},
  bibsource = {DBLP, http://dblp.uni-trier.de}
}
@book{DBLP:books/aw/AhoSU86,
  author    = {Alfred V. Aho and
               Ravi Sethi and
               Jeffrey D. Ullman},
  title     = {Compilers: Princiles, Techniques, and Tools},
  publisher = {Addison-Wesley},
  year      = {1986},
  bibsource = {DBLP, http://dblp.uni-trier.de}
}
@inproceedings{DBLP:conf/iwpc/BeyerF10b,
  author    = {Dirk Beyer and
               Ashgan Fararooy},
  title     = {A Simple and Effective Measure for Complex Low-Level Dependencies},
  booktitle = {ICPC},
  year      = {2010},
  pages     = {80-83},
  ee        = {http://doi.ieeecomputersociety.org/10.1109/ICPC.2010.49},
  crossref  = {DBLP:conf/iwpc/2010},
  bibsource = {DBLP, http://dblp.uni-trier.de}
}
@article{DBLP:journals/tse/HenryK81,
  author    = {Sallie M. Henry and
               Dennis G. Kafura},
  title     = {Software Structure Metrics Based on Information Flow},
  journal   = {IEEE Trans. Software Eng.},
  volume    = {7},
  number    = {5},
  year      = {1981},
  pages     = {510-518},
  ee        = {http://doi.ieeecomputersociety.org/10.1109/TSE.1981.231113},
  bibsource = {DBLP, http://dblp.uni-trier.de}
}
@article{DBLP:journals/tse/Weyuker88,
  author    = {Elaine J. Weyuker},
  title     = {Evaluating Software Complexity Measures},
  journal   = {IEEE Trans. Software Eng.},
  volume    = {14},
  number    = {9},
  year      = {1988},
  pages     = {1357-1365},
  ee        = {http://doi.ieeecomputersociety.org/10.1109/32.6178},
  bibsource = {DBLP, http://dblp.uni-trier.de}
}
@inproceedings{DBLP:conf/icse/Weiser81,
  author    = {Mark Weiser},
  title     = {Program Slicing},
  booktitle = {ICSE},
  year      = {1981},
  pages     = {439-449},
  ee        = {http://dl.acm.org/citation.cfm?id=802557},
  crossref  = {DBLP:conf/icse/1981},
  bibsource = {DBLP, http://dblp.uni-trier.de}
}
@article{DBLP:journals/spe/StanierW12,
  author    = {James Stanier and
               Des Watson},
  title     = {A study of irreducibility in C programs},
  journal   = {Softw., Pract. Exper.},
  volume    = {42},
  number    = {1},
  year      = {2012},
  pages     = {117-130},
  ee        = {http://dx.doi.org/10.1002/spe.1059},
  bibsource = {DBLP, http://dblp.uni-trier.de}
}
@article{Hoare72,
    year={1972},
    journal={BIT Numerical Mathematics},
    volume={12},
    number={3},
    title={A note on the for statement},
    publisher={Kluwer Academic Publishers},
    author={Hoare, C.A.R.},
    pages={334-341},
}
@inproceedings{DBLP:conf/eurosys/BallBCLLMORU06,
  author    = {Thomas Ball and
               Ella Bounimova and
               Byron Cook and
               Vladimir Levin and
               Jakob Lichtenberg and
               Con McGarvey and
               Bohus Ondrusek and
               Sriram K. Rajamani and
               Abdullah Ustuner},
  title     = {Thorough static analysis of device drivers},
  booktitle = {EuroSys},
  year      = {2006},
  pages     = {73-85},
  ee        = {http://doi.acm.org/10.1145/1217935.1217943},
  crossref  = {DBLP:conf/eurosys/2006},
  bibsource = {DBLP, http://dblp.uni-trier.de}
}
@article{DBLP:journals/jss/Stavely93,
  author    = {Allan M. Stavely},
  title     = {An empirical study of iteration in applications software},
  journal   = {Journal of Systems and Software},
  volume    = {22},
  number    = {3},
  year      = {1993},
  pages     = {167-177},
  ee        = {http://dx.doi.org/10.1016/0164-1212(93)90108-A},
  bibsource = {DBLP, http://dblp.uni-trier.de}
}

@inproceedings{DBLP:conf/ijcai/Rich81,
  author    = {Charles Rich},
  title     = {A Formal Representation for Plans in the Programmers Apprentice},
  booktitle = {IJCAI},
  year      = {1981},
  pages     = {1044-1052},
  crossref  = {DBLP:conf/ijcai/1981},
  bibsource = {DBLP, http://dblp.uni-trier.de}
}
@article{DBLP:journals/tse/SolowayE84,
  author    = {Elliot Soloway and
               Kate Ehrlich},
  title     = {Empirical Studies of Programming Knowledge},
  journal   = {IEEE Trans. Software Eng.},
  volume    = {10},
  number    = {5},
  year      = {1984},
  pages     = {595-609},
  ee        = {http://doi.ieeecomputersociety.org/10.1109/TSE.1984.5010283},
  bibsource = {DBLP, http://dblp.uni-trier.de}
}

@article{DBLP:journals/tse/JohnsonS85,
  author    = {W. Lewis Johnson and
               Elliot Soloway},
  title     = {PROUST: Knowledge-Based Program Understanding},
  journal   = {IEEE Trans. Software Eng.},
  volume    = {11},
  number    = {3},
  year      = {1985},
  pages     = {267-275},
  ee        = {http://doi.ieeecomputersociety.org/10.1109/TSE.1985.232210},
  bibsource = {DBLP, http://dblp.uni-trier.de}
}
@book{Gamma:1995,
 author = {Gamma, Erich and Helm, Richard and Johnson, Ralph and Vlissides, John},
 title = {Design patterns: elements of reusable object-oriented software},
 year = {1995},
 isbn = {0-201-63361-2},
 publisher = {Addison-Wesley Longman Publishing Co., Inc.},
 address = {Boston, MA, USA},
} 

@article{DBLP:journals/cacm/ShawWL77,
  author    = {Mary Shaw and
               William A. Wulf and
               Ralph L. London},
  title     = {Abstraction and Verification in Alphard: Defining and Specifying
               Iteration and Generators},
  journal   = {Commun. ACM},
  volume    = {20},
  number    = {8},
  year      = {1977},
  pages     = {553-564},
  ee        = {http://doi.acm.org/10.1145/359763.359782},
  bibsource = {DBLP, http://dblp.uni-trier.de}
}

@book{DBLP:books/sp/Liskov81,
  author    = {Barbara Liskov and
               Russell R. Atkinson and
               Toby Bloom and
               J. Eliot B. Moss and
               Craig Schaffert and
               Robert Scheifler and
               Alan Snyder},
  title     = {CLU Reference Manual},
  publisher = {Springer},
  series    = {Lecture Notes in Computer Science},
  volume    = {114},
  year      = {1981},
  isbn      = {3-540-10836-X},
  ee        = {http://dx.doi.org/10.1007/BFb0035014},
  bibsource = {DBLP, http://dblp.uni-trier.de}
}

@ONLINE{Sun:2004:Online,
author = {Sun Corporation},
title = {JSR 201: Extending the JavaTM Programming Language with Enumerations, Autoboxing, Enhanced for loops and Static Import},
year = {2004},
url = {http://jcp.org/en/jsr/detail?id=201}
}
@article{DBLP:journals/toplas/MurerOSS96,
  author    = {Stephan Murer and
               Stephen M. Omohundro and
               David Stoutamire and
               Clemens A. Szyperski},
  title     = {Iteration Abstraction in Sather},
  journal   = {ACM Trans. Program. Lang. Syst.},
  volume    = {18},
  number    = {1},
  year      = {1996},
  pages     = {1-15},
  ee        = {http://doi.acm.org/10.1145/225540.225541},
  bibsource = {DBLP, http://dblp.uni-trier.de}
}

@article{DBLP:journals/siamcomp/Valiant79,
  author    = {Leslie G. Valiant},
  title     = {The Complexity of Enumeration and Reliability Problems},
  journal   = {SIAM J. Comput.},
  volume    = {8},
  number    = {3},
  year      = {1979},
  pages     = {410-421},
  ee        = {http://dx.doi.org/10.1137/0208032},
  bibsource = {DBLP, http://dblp.uni-trier.de}
}

@article{DBLP:journals/jgaa/RobertsK07,
  author    = {Ben Roberts and
               Dirk P. Kroese},
  title     = {Estimating the Number of s-t Paths in a Graph},
  journal   = {J. Graph Algorithms Appl.},
  volume    = {11},
  number    = {1},
  year      = {2007},
  pages     = {195-214},
  ee        = {http://jgaa.info/accepted/2007/RobertsKroese2007.11.1.pdf},
  bibsource = {DBLP, http://dblp.uni-trier.de}
}








@inproceedings{DBLP:conf/tacas/LoweW12,
  author    = {Stefan L{\"o}we and
               Philipp Wendler},
  title     = {CPAchecker with Adjustable Predicate Analysis - (Competition
               Contribution)},
  booktitle = {TACAS},
  year      = {2012},
  pages     = {528-530},
  ee        = {http://dx.doi.org/10.1007/978-3-642-28756-5_40},
  crossref  = {DBLP:conf/tacas/2012},
  bibsource = {DBLP, http://dblp.uni-trier.de}
}

@inproceedings{DBLP:conf/fmcad/BeyerKW10,
  author    = {Dirk Beyer and
               M. Erkan Keremoglu and
               Philipp Wendler},
  title     = {Predicate abstraction with ad\-just\-able-block encoding},
  booktitle = {FMCAD},
  year      = {2010},
  pages     = {189-197},
  ee        = {http://ieeexplore.ieee.org/xpls/abs_all.jsp?arnumber=5770949},
  crossref  = {DBLP:conf/fmcad/2010},
  bibsource = {DBLP, http://dblp.uni-trier.de}
}

@inproceedings{DBLP:conf/cav/HolzerSTV08,
  author    = {Andreas Holzer and
               Christian Schallhart and
               Michael Tautschnig and
               Helmut Veith},
  title     = {FShell: Systematic Test Case Generation for Dynamic Analysis
               and Measurement},
  booktitle = {CAV},
  year      = {2008},
  pages     = {209-213},
  ee        = {http://dx.doi.org/10.1007/978-3-540-70545-1_20},
  crossref  = {DBLP:conf/cav/2008},
  bibsource = {DBLP, http://dblp.uni-trier.de}
}
@inproceedings{DBLP:conf/kbse/HolzerTVS10,
  author    = {Andreas Holzer and
               Christian Schallhart and
               Michael Tautschnig and
               Helmut Veith},
  title     = {How did you specify your test suite},
  booktitle = {ASE},
  year      = {2010},
  pages     = {407-416},
  ee        = {http://doi.acm.org/10.1145/1858996.1859084},
  crossref  = {DBLP:conf/kbse/2010},
  bibsource = {DBLP, http://dblp.uni-trier.de}
}
@inproceedings{DBLP:conf/pldi/GrebenshchikovLPR12,
  author    = {Sergey Grebenshchikov and
               Nuno P. Lopes and
               Corneliu Popeea and
               Andrey Rybalchenko},
  title     = {Synthesizing software verifiers from proof rules},
  booktitle = {PLDI},
  year      = {2012},
  pages     = {405-416},
  ee        = {http://doi.acm.org/10.1145/2254064.2254112},
  crossref  = {DBLP:conf/pldi/2012},
  bibsource = {DBLP, http://dblp.uni-trier.de}
}







@inproceedings{DBLP:conf/cav/BeyerK11,
  author    = {Dirk Beyer and
               M. Erkan Keremoglu},
  title     = {CPAchecker: A Tool for Configurable Software Verification},
  booktitle = {CAV},
  year      = {2011},
  pages     = {184-190},
  ee        = {http://dx.doi.org/10.1007/978-3-642-22110-1_16},
  crossref  = {DBLP:conf/cav/2011},
  bibsource = {DBLP, http://dblp.uni-trier.de}
}

@article{DBLP:journals/jsat/Biere08,
  author    = {Armin Biere},
  title     = {PicoSAT Essentials},
  journal   = {JSAT},
  volume    = {4},
  number    = {2-4},
  year      = {2008},
  pages     = {75-97},
  ee        = {http://jsat.ewi.tudelft.nl/content/volume4/JSAT4_5_Biere.pdf},
  bibsource = {DBLP, http://dblp.uni-trier.de}
}

@inproceedings{DBLP:conf/vmcai/GallowayLMS09,
  author    = {Andy Galloway and
               Gerald L{\"u}ttgen and
               Jan Tobias M{\"u}hlberg and
               Radu Siminiceanu},
  title     = {Model-Checking the Linux Virtual File System},
  booktitle = {VMCAI},
  year      = {2009},
  pages     = {74-88},
  ee        = {http://dx.doi.org/10.1007/978-3-540-93900-9_10},
  crossref  = {DBLP:conf/vmcai/2009},
  bibsource = {DBLP, http://dblp.uni-trier.de}
}

@book{DBLP:books/cu/PressTVF92,
  author    = {William H. Press and
               Saul A. Teukolsky and
               William T. Vetterling and
               Brian P. Flannery},
  title     = {Numerical Recipes in C, 2nd Edition},
  publisher = {Cambridge University Press},
  year      = {1992},
  bibsource = {DBLP, http://dblp.uni-trier.de}
}

@inproceedings{DBLP:conf/wcet/GustafssonBEL10,
  author    = {Jan Gustafsson and
               Adam Betts and
               Andreas Ermedahl and
               Bj{\"o}rn Lisper},
  title     = {The M{\"a}lardalen WCET Benchmarks: Past, Present And Future},
  booktitle = {WCET},
  year      = {2010},
  pages     = {136-146},
  ee        = {http://dx.doi.org/10.4230/OASIcs.WCET.2010.136},
  crossref  = {DBLP:conf/wcet/2010},
  bibsource = {DBLP, http://dblp.uni-trier.de}
}

@inproceedings{DBLP:conf/cav/DudkaPV11,
  author    = {Kamil Dudka and
               Petr Peringer and
               Tom{\'a}s Vojnar},
  title     = {Predator: A Practical Tool for Checking Manipulation of
               Dynamic Data Structures Using Separation Logic},
  booktitle = {CAV},
  year      = {2011},
  pages     = {372-378},
  ee        = {http://dx.doi.org/10.1007/978-3-642-22110-1_29},
  crossref  = {DBLP:conf/cav/2011},
  bibsource = {DBLP, http://dblp.uni-trier.de}
}

@inproceedings{DBLP:conf/sas/DudkaPV13,
  author    = {Kamil Dudka and
               Petr Peringer and
               Tom{\'a}s Vojnar},
  title     = {Byte-Precise Verification of Low-Level List Manipulation},
  booktitle = {SAS},
  year      = {2013},
  pages     = {215-237},
  ee        = {http://dx.doi.org/10.1007/978-3-642-38856-9_13},
  crossref  = {DBLP:conf/sas/2013},
  bibsource = {DBLP, http://dblp.uni-trier.de}
}

@inproceedings{DBLP:conf/cav/YangLBCCDO08,
  author    = {Hongseok Yang and
               Oukseh Lee and
               Josh Berdine and
               Cristiano Calcagno and
               Byron Cook and
               Dino Distefano and
               Peter W. O'Hearn},
  title     = {Scalable Shape Analysis for Systems Code},
  booktitle = {CAV},
  year      = {2008},
  pages     = {385-398},
  ee        = {http://dx.doi.org/10.1007/978-3-540-70545-1_36},
  crossref  = {DBLP:conf/cav/2008},
  bibsource = {DBLP, http://dblp.uni-trier.de}
}

@inproceedings{DBLP:conf/cav/BerdineCI11,
  author    = {Josh Berdine and
               Byron Cook and
               Samin Ishtiaq},
  title     = {SLAyer: Memory Safety for Systems-Level Code},
  booktitle = {CAV},
  year      = {2011},
  pages     = {178-183},
  ee        = {http://dx.doi.org/10.1007/978-3-642-22110-1_15},
  crossref  = {DBLP:conf/cav/2011},
  bibsource = {DBLP, http://dblp.uni-trier.de}
}

@inproceedings{DBLP:conf/kbse/WitkowskiBKW07,
  author    = {Thomas Witkowski and
               Nicolas Blanc and
               Daniel Kroening and
               Georg Weissenbacher},
  title     = {Model checking concurrent linux device drivers},
  booktitle = {ASE},
  year      = {2007},
  pages     = {501-504},
  ee        = {http://doi.acm.org/10.1145/1321631.1321719},
  crossref  = {DBLP:conf/kbse/2007},
  bibsource = {DBLP, http://dblp.uni-trier.de}
}

@inproceedings{DBLP:conf/cav/KroeningW11,
  author    = {Daniel Kroening and
               Georg Weissenbacher},
  title     = {Interpolation-Based Software Verification with Wolverine},
  booktitle = {CAV},
  year      = {2011},
  pages     = {573-578},
  ee        = {http://dx.doi.org/10.1007/978-3-642-22110-1_45},
  crossref  = {DBLP:conf/cav/2011},
  bibsource = {DBLP, http://dblp.uni-trier.de}
}

@article{DBLP:journals/acta/KamU77,
  author    = {John B. Kam and
               Jeffrey D. Ullman},
  title     = {Monotone Data Flow Analysis Frameworks},
  journal   = {Acta Inf.},
  volume    = {7},
  year      = {1977},
  pages     = {305-317},
  ee        = {http://dx.doi.org/10.1007/BF00290339},
  bibsource = {DBLP, http://dblp.uni-trier.de}
}

@inproceedings{DBLP:conf/popl/Kildall73,
  author    = {Gary A. Kildall},
  title     = {A Unified Approach to Global Program Optimization},
  booktitle = {POPL},
  year      = {1973},
  pages     = {194-206},
  ee        = {http://doi.acm.org/10.1145/512927.512945},
  crossref  = {DBLP:conf/popl/1973},
  bibsource = {DBLP, http://dblp.uni-trier.de}
}

@inproceedings{DBLP:conf/cav/KroeningLW13,
  author    = {Daniel Kroening and
               Matt Lewis and
               Georg Weissenbacher},
  title     = {Under-Approximating Loops in C Programs for Fast Counterexample
               Detection},
  booktitle = {CAV},
  year      = {2013},
  pages     = {381-396},
  ee        = {http://dx.doi.org/10.1007/978-3-642-39799-8_26},
  crossref  = {DBLP:conf/cav/2013},
  bibsource = {DBLP, http://dblp.uni-trier.de}
}

@inproceedings{DBLP:conf/tacas/MouraB08,
  author    = {Leonardo Mendon\c{c}a de Moura and
               Nikolaj Bj{\o}rner},
  title     = {Z3: An Efficient SMT Solver},
  booktitle = {TACAS},
  year      = {2008},
  pages     = {337-340},
  ee        = {http://dx.doi.org/10.1007/978-3-540-78800-3_24},
  crossref  = {DBLP:conf/tacas/2008},
  bibsource = {DBLP, http://dblp.uni-trier.de}
}

@inproceedings{DBLP:conf/icse/DietzLRA12,
  author    = {Will Dietz and
               Peng Li and
               John Regehr and
               Vikram S. Adve},
  title     = {Understanding integer overflow in C/C++},
  booktitle = {ICSE},
  year      = {2012},
  pages     = {760-770},
  ee        = {http://dx.doi.org/10.1109/ICSE.2012.6227142},
  crossref  = {DBLP:conf/icse/2012},
  bibsource = {DBLP, http://dblp.uni-trier.de}
}

@inproceedings{DBLP:conf/popl/Kildall73,
  author    = {Gary A. Kildall},
  title     = {A Unified Approach to Global Program Optimization},
  booktitle = {POPL},
  year      = {1973},
  pages     = {194-206},
  ee        = {http://doi.acm.org/10.1145/512927.512945},
  crossref  = {DBLP:conf/popl/1973},
  bibsource = {DBLP, http://dblp.uni-trier.de}
}

@article{DBLP:journals/jss/FentonN99,
  author    = {Norman E. Fenton and
               Martin Neil},
  title     = {Software metrics: successes, failures and new directions},
  journal   = {Journal of Systems and Software},
  volume    = {47},
  number    = {2-3},
  year      = {1999},
  pages     = {149-157},
  ee        = {http://dx.doi.org/10.1016/S0164-1212(99)00035-7},
  bibsource = {DBLP, http://dblp.uni-trier.de}
}

@article{DBLP:journals/sigarch/Henning06,
  author    = {John L. Henning},
  title     = {SPEC CPU2006 benchmark descriptions},
  journal   = {SIGARCH Computer Architecture News},
  volume    = {34},
  number    = {4},
  year      = {2006},
  pages     = {1-17},
  ee        = {http://doi.acm.org/10.1145/1186736.1186737},
  bibsource = {DBLP, http://dblp.uni-trier.de}
}

@inproceedings{DBLP:conf/popl/CousotC77,
  author    = {Patrick Cousot and
               Radhia Cousot},
  title     = {Abstract Interpretation: A Unified Lattice Model for Static
               Analysis of Programs by Construction or Approximation of
               Fixpoints},
  booktitle = {POPL},
  year      = {1977},
  pages     = {238-252},
  ee        = {http://doi.acm.org/10.1145/512950.512973},
  crossref  = {DBLP:conf/popl/77},
  bibsource = {DBLP, http://dblp.uni-trier.de}
}

@article{DBLP:journals/cacm/Dijkstra72,
  author    = {Edsger W. Dijkstra},
  title     = {The Humble Programmer},
  journal   = {Commun. ACM},
  volume    = {15},
  number    = {10},
  year      = {1972},
  pages     = {859-866},
  ee        = {http://doi.acm.org/10.1145/355604.361591},
  bibsource = {DBLP, http://dblp.uni-trier.de}
}

@inproceedings{DBLP:conf/lics/BurchCMDH90,
  author    = {Jerry R. Burch and
               Edmund M. Clarke and
               Kenneth L. McMillan and
               David L. Dill and
               L. J. Hwang},
  title     = {Symbolic Model Checking: $10^{20}$ States and Beyond},
  booktitle = {LICS},
  year      = {1990},
  pages     = {428-439},
  ee        = {http://dx.doi.org/10.1109/LICS.1990.113767},
  crossref  = {DBLP:conf/lics/LICS5, DBLP:conf/lics/1990},
  bibsource = {DBLP, http://dblp.uni-trier.de}
}

@inproceedings{DBLP:conf/cav/ClarkeGJLV00,
  author    = {Edmund M. Clarke and
               Orna Grumberg and
               Somesh Jha and
               Yuan Lu and
               Helmut Veith},
  title     = {Counter\-example-Guided Abstraction Refinement},
  booktitle = {CAV},
  year      = {2000},
  pages     = {154-169},
  ee        = {http://dx.doi.org/10.1007/10722167_15},
  crossref  = {DBLP:conf/cav/2000},
  bibsource = {DBLP, http://dblp.uni-trier.de}
}

@article{DBLP:journals/fmsd/ClarkeBRZ01,
  author    = {Edmund M. Clarke and
               Armin Biere and
               Richard Raimi and
               Yunshan Zhu},
  title     = {Bounded Model Checking Using Satisfiability Solving},
  journal   = {Formal Methods in System Design},
  volume    = {19},
  number    = {1},
  year      = {2001},
  pages     = {7-34},
  ee        = {http://dx.doi.org/10.1023/A:1011276507260},
  bibsource = {DBLP, http://dblp.uni-trier.de}
}

@inproceedings{DBLP:journals/corr/abs-1305-6745,
  author    = {Yulia Demyanova and
               Helmut Veith and
               Florian Zuleger},
  title     = {On the Concept of Variable Roles and its Use in Software
               Analysis},
  booktitle = {FMCAD},
  year      = {2013},
  pages     = {226-229},
}

@inproceedings{DBLP:conf/vstte/MerzFS12,
  author    = {Florian Merz and
               Stephan Falke and
               Carsten Sinz},
  title     = {LLBMC: Bounded Model Checking of C and C++ Programs Using
               a Compiler IR},
  booktitle = {VSTTE},
  year      = {2012},
  pages     = {146-161},
  ee        = {http://dx.doi.org/10.1007/978-3-642-27705-4_12},
  crossref  = {DBLP:conf/vstte/2012},
  bibsource = {DBLP, http://dblp.uni-trier.de}
}

@inproceedings{DBLP:conf/popl/ClarkeES83,
  author    = {Edmund M. Clarke and
               E. Allen Emerson and
               A. Prasad Sistla},
  title     = {Automatic Verification of Finite State Concurrent Systems
               Using Temporal Logic Specifications: A Practical Approach},
  booktitle = {POPL},
  year      = {1983},
  pages     = {117-126},
  ee        = {http://doi.acm.org/10.1145/567067.567080},
  crossref  = {DBLP:conf/popl/1983},
  bibsource = {DBLP, http://dblp.uni-trier.de}
}

@inproceedings{DBLP:conf/programm/QueilleS82,
  author    = {Jean-Pierre Queille and
               Joseph Sifakis},
  title     = {Specification and verification of concurrent systems in
               CESAR},
  booktitle = {Symposium on Programming},
  year      = {1982},
  pages     = {337-351},
  ee        = {http://dx.doi.org/10.1007/3-540-11494-7_22},
  crossref  = {DBLP:conf/programm/1982},
  bibsource = {DBLP, http://dblp.uni-trier.de}
}

